2778 4742
293 337 2381 588 Hr. Joh. Gottfr. Richter, Schneidermeister, Besitzer
479 503 1026 640 dieses Hauses.
396 612 1985 785 Joh. Aug. Schwabe, Schneidermeister.
1138 707 1469 855 Nr. 3.
306 819 2361 951 Fr. Eleon. Sophie Custidi, Obersteuerregistrs. Witt.
308 933 2148 1052 Hr. Karl Heinr. Cabaldi, Hofwirthschaftskopist.
337 1018 1985 1151 Simon Salomon Jsaak, Handelsjude.
368 1099 1982 1226 = Karl Christian Liebel, Paruckenmacher.
456 1197 2363 1368 Joh. George Simon, kurfürstl. Geschirrschreiber,
464 1309 2127 1446 dessen Chefrau Besitzerinn dieses Hauses ist.
1171 1397 1490 1531 Nr. 4.
485 1461 2368 1682 ist eine Brandstelle, wo vormals die Schullehrer an der
591 1586 1340 1723 Kreuzschule wohnten.
1182 1677 1342 1804 Nr.
578 1759 2011 1902 (Des Hrn. Sophienpredigers Wohnhaus.
298 1845 2371 1995 Hr. M. Elias Friedr. Pöge, vierter Diakonus an der
479 1964 2332 2114 Kreuzkirche, und Prediger an der Sophienkirchen
422 2055 2361 2236 M. Joh. Gottlob Sammt, Hauslehrer beym Hrn.
474 2148 868 2304 M. Pöge.
1179 2213 1467 2399 Nr. 6.
301 2319 2361 2529 Hr. Friedr. Gustav Berggold, Premierleutnant beym
534 2446 1161 2586 Jngenieurskorps.
399 2490 2368 2705 Dankegott Jm. Merkel, privatisirender Gelehrter.
425 2653 1987 2791 Karl Wilh. Schulze, Schneidermeister.
433 2747 1692 2858 Schumann, Weißbäckermeister.
303 2786 2340 2995 (Dieses Haus besitzt Hr Joh. glob. Rößel, Schumachermeister.)
609 2936 2052 3089 Die folgende Nr. 7. u. s. w. f. alte Markt.
324 3050 2361 3236 b) rechter Hand von der Kreuzkirche nach der Stadt=
1021 3159 1578 3325 mauer zurück.
1052 3268 1487 3449 Nr. 557.
352 3415 2050 3566 Hr. Gottfr. Benjamin Eras, Tischlermeister.
365 3454 2376 3682 Fr. Dorothee Charlotte Klette, Kreissteuereinnehmers
490 3623 1791 3801 Wittwe, Besitzerinn dieses Hauses.
1785 3700 1964 3835 A2
2213 3677 2366 3861 Hr.
363 3791 2384 3936 *) Da die eine Hälfte dieser Gasse zum ersten, die zweyte aber
391 3915 2366 4019 zum dritten Stadtviertel gerechnet wird, so sind folgende
389 3993 2374 4086 Nummern 557. bis mit 561., welche zum dritten Stadtvier=
381 4076 2366 4187 tel gezählt werden. hier aufgeführt, um diese Gasse nicht in
373 4138 2148 4289 zwey verschiedenen Stadtvierteln aufsuchen zu dürfen.
