2778 4742
345 457 446 517 Hr.
491 455 655 515 Joh.
678 458 967 518 Gottfr.
990 470 1365 530 Richter,
1409 479 2344 539 Schneidermeister,Besitzer

494 556 660 616 dieses
725 557 1019 617 Hauses.

427 661 605 721 Joh.
635 660 813 720 Aug.
857 661 1298 721 Schwabe,
1342 672 1977 732 Schneidermeister.

1171 771 1316 831 Nr.
1391 775 1462 835 3.

322 854 424 914 Fr.
452 862 672 922 Eleon.
700 864 959 924 Sophie
1000 868 1402 928 Cubaldi,
1443 880 2133 940 Obersteuerregistrs.
2160 893 2354 953 Witt.

323 961 435 1021 Hr.
462 958 614 1018 Karl
628 960 856 1020 Heinr.
883 963 1276 1023 Cubaldi,
1303 975 2129 1035 Hofwirthschaftskopist.

376 1051 656 1111 Simon
719 1058 1048 1118 Salomon
1098 1064 1428 1124 Isaak,
1466 1071 1955 1131 Handelsjude.

380 1148 597 1208 Karl
632 1151 930 1211 Christian
1001 1155 1310 1215 Liebel,
1359 1166 1977 1226 Paruckenmacher.

471 1245 594 1305 Joh.
621 1245 872 1305 George
924 1250 1289 1310 Simon,
1341 1255 1679 1315 kurfürstl.
1719 1265 2360 1325 Geschirrschreiber,

495 1344 671 1404 dessen
728 1349 1002 1409 Ehefrau
1059 1350 1416 1410 Besitzerinn
1488 1357 1665 1417 dieses
1721 1363 1968 1423 Hauses
2025 1367 2119 1427 ist.

1200 1454 1367 1514 Nr.,
1395 1462 1472 1522 4.

509 1545 576 1605 ist
613 1545 732 1605 eine
768 1545 1146 1605 Brandstelle,
1183 1547 1250 1607 wo
1304 1556 1561 1616 vormals
1615 1560 1682 1620 die
1736 1567 2097 1627 Schullehrer
2151 1577 2200 1637 an
2254 1576 2339 1636 der

619 1632 969 1692 Kreuzschule
1036 1629 1321 1689 wohnten.

1197 1730 1337 1790 Nr.

606 1823 770 1883 (Des
810 1821 974 1881 Hrn.
1001 1832 2006 1892 Sophienpredigers=Wohnhaus.

327 1920 444 1980 Hr.
485 1915 575 1975 M.
603 1918 785 1978 Elias
840 1920 1088 1980 Friedr.
1116 1927 1365 1987 Pöge,
1419 1932 1641 1992 vierter
1695 1936 2036 1996 Diakonus
2103 1943 2167 2003 an
2247 1944 2338 2004 der

506 2014 928 2074 Kreuzkirche,
967 2019 1091 2079 und
1154 2022 1465 2082 Prediger
1504 2027 1578 2087 an
1642 2029 1739 2089 der
1791 2032 2314 2092 Sophienkirche.

441 2104 541 2164 M.
587 2108 760 2168 Joh.
791 2112 1052 2172 Gottlob
1113 2117 1476 2177 Sammt,
1522 2129 1914 2189 Hauslehrer
1974 2131 2119 2191 beym
2193 2136 2352 2196 Hrn.

507 2199 623 2259 M.
655 2205 859 2265 Pöge.

1204 2313 1347 2373 Nr.
1384 2313 1455 2373 6.

336 2411 456 2471 Hr.
488 2405 732 2465 Friedr.
764 2408 1006 2468 Gustav
1054 2423 1526 2483 Berggold,
1560 2424 2138 2484 Premierleutnant
2171 2435 2306 2495 beym

536 2507 1155 2567 Ingenicurskorps.

441 2596 822 2656 Dankegott
859 2599 996 2659 Jm.
1033 2606 1398 2666 Merkel,
1418 2605 1938 2665 privatisirender
1992 2623 2356 2683 Gelehrter.

455 2691 613 2751 Karl
655 2692 868 2752 Wilh.
896 2698 1296 2758 Schulze,
1338 2702 1980 2762 Schneidermeister.

448 2787 964 2847 Schumann,
1004 2793 1686 2853 Weißbäckermeister.

341 2880 564 2940 (Dieses
582 2881 740 2941 Haus
759 2881 933 2941 besitzt
951 2883 1030 2943 Hr
1080 2891 1223 2951 Joh.
1241 2889 1415 2949 Glob.
1450 2892 1656 2952 Rößel,
1675 2897 2315 2957 Schumachermeister.

627 2972 739 3032 Die
783 2975 1023 3035 folgende
1067 2978 1193 3038 Nr.
1223 2981 1279 3041 7.
1323 2981 1392 3041 u.
1422 2981 1463 3041 s.
1493 2981 1563 3041 w.
1593 2983 1634 3043 s.
1678 2982 1776 3042 alte
1820 2984 2031 3044 Markt.

345 3105 406 3165 b)
456 3110 675 3170 rechter
725 3110 913 3170 Hand
962 3107 1071 3167 von
1136 3110 1229 3170 der
1279 3113 1704 3173 Kreuzkirche
1753 3121 1894 3181 nach
1943 3122 2052 3182 der
2086 3128 2353 3188 Stadt¬

1056 3223 1273 3283 mauer
1321 3226 1568 3286 zurück.

1079 3373 1228 3433 Nr.
1287 3382 1473 3442 557.

355 3469 460 3529 Hr.
502 3467 741 3527 Gottfr.
770 3474 1104 3534 Benjamin
1160 3477 1439 3537 Eras,
1496 3486 2043 3546 Tischlermeister.

371 3566 450 3626 Fr.
485 3566 793 3626 Dorothee
828 3570 1170 3630 Charlotte
1205 3573 1498 3633 Klette,
1549 3583 2332 3643 Kreissteuereinnehmers

517 3665 801 3725 Witwe,
842 3671 1204 3731 Besitzerinn
1263 3671 1452 3731 dieses
1493 3677 1777 3737 Hauses.

1801 3770 1918 3830 A2

2254 3783 2356 3843 Hr.

366 3859 404 3919 )
432 3859 523 3919 Da
578 3861 658 3921 die
699 3864 817 3924 eine
858 3868 1044 3928 Hälfte
1099 3867 1258 3927 dieser
1299 3871 1457 3931 Gasse
1485 3873 1578 3933 zum
1646 3877 1845 3937 ersten,
1886 3883 1964 3943 die
1992 3883 2191 3943 zweyte
2233 3883 2350 3943 aber

401 3941 490 4001 zum
562 3942 753 4002 dritten
825 3946 1219 4006 Stabtviertel
1271 3952 1554 4012 gerechnet
1615 3957 1796 4017 wird,
1838 3961 1888 4021 so
1950 3964 2050 4024 sind
2102 3965 2353 4025 folgende

409 4024 700 4084 Nummern
753 4027 883 4087 557.
925 4030 1004 4090 bis
1047 4030 1146 4090 mit
1188 4032 1348 4092 561.,
1391 4036 1571 4096 welche
1623 4038 1714 4098 zum
1786 4042 1976 4102 dritten
2028 4044 2351 4104 Stadtvier=

402 4102 474 4162 tel
517 4105 726 4165 gezählt
780 4107 1008 4167 werden,
1053 4110 1166 4170 hier
1199 4115 1544 4175 aufgeführt,
1587 4119 1649 4179 um
1725 4119 1859 4179 diese
1902 4123 2059 4183 Gasse
2123 4127 2268 4187 nicht
2301 4125 2342 4185 in

410 4185 538 4245 zwey
575 4190 939 4250 verschiedenen
1000 4193 1399 4253 Stadtvierteln
1460 4199 1742 4259 aufsuchen
1802 4204 1848 4264 zu
1896 4204 2119 4264 dürfen.
