2778 4742
385 331 425 391 4

423 506 547 566 Hr.
580 488 909 548 Advokat,
942 479 1176 539 Heinr.
1210 467 1523 527 Gotthelf
1572 459 1853 519 Klette
1871 452 1885 512 .

572 595 722 655 Joh.
751 582 955 642 Gebh.
985 574 1148 634 Adam
1232 563 1726 623 Riebestahl,
1769 551 2097 611 kurfürstl.
2154 557 2413 617 Hofkoch
2429 555 2441 615 |
2456 556 2468 616 |

542 694 713 754 Joh.
769 681 967 741 Jacob
1036 672 1395 732 Schöpf,
1451 653 2090 713 Schneidermeister.

487 789 769 849 Adolph
822 781 1054 841 Heinr.
1095 766 1520 826 Walther,
1547 756 2140 816 Hofschauspieler.

1228 870 1394 930 Nr.
1464 868 1656 928 558.

420 1007 548 1067 Hr.
589 995 769 1055 Joh.
810 980 1109 1040 Christian
1163 968 1604 1028 Kliebert,
1645 952 2282 1012 Schneidermeister.

567 1092 720 1152 Joh.
761 1078 1031 1138 Gottfr.
1059 1071 1421 1131 Lipsius,
1474 1061 1783 1121 Sekretär
1836 1054 1952 1114 und
2018 1050 2302 1110 Kanzlist
2368 1049 2457 1109 bey

617 1184 715 1244 der
765 1172 1100 1232 kurfürstl.
1138 1161 1534 1221 Bibliothek.

561 1279 853 1339 Christian
922 1263 1187 1323 Gottfr.
1229 1253 1628 1313 Prietzel,
1670 1241 2150 1301 Lohnkutscher.

568 1378 728 1438 Joh.
771 1365 1026 1425 Friedr.
1068 1360 1296 1420 Rost,
1325 1348 1715 1408 Buchhalter
1784 1339 1904 1399 und
1946 1339 2188 1399 Kassier
2243 1333 2296 1393 in
2365 1332 2458 1392 der

625 1453 1603 1513 Hauptauswechselungskasse.

614 1566 845 1626 Dieses
880 1557 1061 1617 Haus
1113 1545 1310 1605 besitzen
1362 1539 1443 1599 die
1495 1530 2009 1590 Oelschlägelischen
2061 1524 2325 1584 Erben.)

1263 1652 1406 1712 Nr.
1448 1647 1644 1707 559.

445 1786 575 1846 Hr.
610 1777 789 1837 Joh.
824 1766 1022 1826 David
1073 1750 1715 1810 Felgenhauer,
1767 1733 2491 1793 Schumachermeister.

567 1871 748 1931 Joh.
784 1861 1031 1921 Gottfr.
1067 1844 1600 1904 Guthmann,
1652 1838 1902 1898 Besitzer
1938 1834 1952 1894 /
1971 1832 2152 1892 dieses
2204 1829 2486 1889 Hauses.

1291 1953 1450 2013 Nr.
1495 1942 1668 2002 560.

448 2090 575 2150 Hr.
605 2071 905 2131 Gotthelf
935 2061 1278 2121 Benjamin
1353 2049 1710 2109 Flathe,
1754 2037 2356 2097 Böttchermeister,
2372 2031 2499 2091 Be¬

650 2169 801 2229 sitzer
841 2162 1020 2222 dieses
1086 2153 1392 2213 Hauses,
1432 2145 1661 2205 scheukt
1714 2135 1931 2195 Wein.

569 2268 885 2328 Christian
932 2255 1234 2315 Samuel
1281 2240 1748 2300 Klammer,
1780 2227 2415 2287 Schneidermeister.

1289 2351 1428 2411 Nr.
1488 2341 1669 2401 561.

474 2481 605 2541 Hr.
640 2474 788 2534 Karl
823 2467 988 2527 Aug.
1040 2457 1454 2517 Herfort,
1506 2437 2120 2497 Schneidermeister.

593 2567 761 2627 Joh.
801 2560 1035 2620 Adolph
1102 2549 1439 2609 Pärsch,
1493 2534 2090 2594 Schlossermeister.

507 2662 531 2722 =
571 2662 759 2722 Aug.
800 2654 1051 2714 Gottfr.
1091 2647 1306 2707 Benj.
1345 2643 1674 2703 Zeibig,
1728 2627 2145 2687 Kaufmann,
2185 2623 2309 2683 und

471 2770 596 2830 Fr.
625 2759 862 2819 Christ.
891 2743 1225 2803 Friederike
1269 2734 1603 2794 Zeibig,
1661 2720 2303 2780 Zwirnhändlerinn,
2347 2716 2513 2776 Bei¬

660 2852 720 2912 de
771 2846 954 2906 haben
1017 2837 1140 2897 eine
1191 2831 1374 2891 Bude
1438 2826 1559 2886 auf
1611 2822 1708 2882 dem
1796 2817 1955 2877 alten
2018 2811 2326 2871 Markte,
2389 2808 2510 2868 und

670 2944 880 3004 führen
969 2928 1316 2988 gezwirnte
1368 2919 1616 2979 Seide,
1667 2915 1939 2975 Zwirn,
1990 2907 2500 2967 baumwollenes

667 3034 889 3094 Garn,
915 3025 1211 3085 Seiden=
1263 3015 1374 3075 und
1438 3009 1833 3069 Zwirnband
1884 3002 1996 3062 und
2047 3000 2269 3060 andere
2307 3002 2517 3062 Waa¬

666 3136 817 3196 ren.
857 3126 1099 3186 Letztere
1152 3116 1227 3176 ist
1254 3110 1624 3170 Besitzerinn
1677 3103 1855 3163 dieses
1908 3095 2200 3155 Hauses.

796 3218 913 3278 Die
955 3212 1191 3272 folgende
1219 3207 1338 3267 Nr.
1366 3200 1497 3260 562.
1525 3199 1563 3259 s.
1578 3197 1629 3257 an
1683 3195 1763 3255 der
1804 3190 2212 3250 Stadtmauer.

1065 3351 1970 3411 Schreibergasse.

511 3541 890 3601 Zwischen
960 3524 1070 3584 dem
1162 3518 1339 3578 alten
1431 3508 1743 3568 Markte
1813 3502 1945 3562 und
2015 3498 2147 3558 der
2217 3497 2528 3557 Stadt¬

1382 3638 1659 3698 mauer,

622 3782 783 3842 Vom
888 3776 1029 3836 alten
1093 3765 1378 3825 Markte
1421 3757 1583 3817 nach
1627 3754 1747 3814 der
1791 3749 2260 3809 Stadtmauer
2303 3752 2444 3812 zu,

1212 3879 1285 3939 a)
1332 3871 1539 3931 linker
1601 3865 1838 3925 Hand.

1351 3988 1494 4048 Nr.
1554 3980 1698 4040 11.

607 4118 667 4178 r.
711 4106 895 4166 Karl.
918 4101 1188 4161 Gotlieb
1253 4095 1730 4155 Kaltofen,
1798 4086 2213 4146 Kaufmann,
2277 4077 2545 4137 Besitzer

2432 4176 2564 4236 Hr.

713 4206 884 4266 dieses
949 4205 1184 4265 Hauses
