1654 2339
342 83 419 181 90
733 97 1040 188 Buchhändler.
496 188 1279 283 2) Bey der Schule zu St. Thomas.
778 261 990 328 Vorsteher.
334 285 1439 386 Hr. Hofrath und Proconsul, D. Carl Friedrich Trier, siehe
426 345 758 422 Raths=Collegium.
805 363 972 470 Rector.
330 409 1252 540 Hr. Prof. Joh. August Ernesti, s. die Professoren.
776 492 989 547 Conrector.
328 507 775 597 Hr. M. Johann Friedrich
791 540 1337 636 Fischer, auf der Thomasschule.
790 582 950 645 Cantor.
325 608 1100 709 Hr. Gottlob Harrer, auf der Thomasschule.
800 673 960 733 Tertius.
324 705 1421 798 Hr. M. Abraham Kriegel, in der Burgstraste, in Radiks Hause.
762 758 962 827 Quartus.
314 761 1424 910 Hr. M. Gabr. Matthesius, in der Burgstr. in Glauchens Haus.
649 856 1081 911 Baccalaureus Funerum.
307 878 1398 990 Hr. M. George Jrmler, im Schustergässchen, in Dottens Hause=
758 949 951 1013 Collegen.
312 986 1347 1060 Hr. Joh. Friedrich Breunigk, auf dem Pauliner=Collegio.
309 1029 1408 1140 Hr. Joh. Adam Meyer, auf dem neuen Kirchhofe, in Höcks Haus.
698 1084 1026 1144 Schul=Medicus.
302 1126 1332 1194 Hr. D. und Prof. Anton Wilhelm Plaz, s. die Professoren.
342 1161 1405 1233 Ausser diesen öffentlichen Schulen befinden sich auch in und vor der
301 1200 1404 1281 Stadt viele Privat=Schulen, allwo die zarte Jugend beyderley Geschlechts
298 1237 1397 1313 im Christenthume und andern nöthigen Stücken unterrichtet wird.
302 1268 1394 1351 Ueber diese Privat=Schulen haben die vier untersten Herren Geistli=
296 1313 1390 1386 chen des Ministerii die Jn confection und Visitation, nach den vier Stadt=
294 1344 1393 1420 Vierteln eingetheilet; und darf Niemand eine solche Privat=Schule an=
294 1388 1397 1456 stellen, als bis er von einem jeden dieser Herren Jnspectoren ein Zeug=
288 1420 1390 1497 niß seiner Geschicklichkeit bey E. E. Hochw. Rathe vorgewiesen, und um
290 1455 1390 1535 Vergünstigung Schule zu halten, schriftlich angehalten, auch die Er=
290 1484 1040 1561 laubniß dazu wirklich in Schriften erhalten hat.
605 1540 1115 1649 Dechste Abtheilung.
283 1624 1377 1757 Von der sämmtl. Bürgerschaft.
692 1733 955 1812 I. Abschnitt.
382 1792 1253 1911 Von Handlungs=Verwandten.
324 1875 1306 1965 I. Von Buchhändlern, nebst ihren Läden.
262 1923 1369 2047 Hr. Arkstee und Merkus, auf der Petersstraße, im Hohman=
356 1985 612 2071 nischen Hause.
