1654 2339
351 103 400 163 88

633 116 775 176 Kirchen
821 119 889 179 und
927 127 1115 187 Schulen.

348 187 429 247 Herr
448 186 491 246 M.
505 191 560 251 Joh
592 200 735 260 Gotthelf
755 206 885 266 Lange,
899 210 917 270 in
943 211 986 271 der
1006 221 1305 281 Catharinenstraße,
1318 230 1343 290 in
1362 233 1430 293 Cur=

438 239 561 299 tiußens
595 246 713 306 Hause.

343 279 412 339 Hr.
429 279 477 339 M.
488 287 633 347 Christian
661 295 855 355 Fürchtegott
877 302 1038 362 Leypold,
1061 307 1108 367 auf
1125 311 1168 371 dem
1201 319 1432 379 Thomaskirch=

434 325 524 385 hofe,
546 332 566 392 in
599 339 790 399 Baumeister
817 346 955 406 Richters
992 352 1114 412 Hause.

349 372 408 432 Hr.
427 371 474 431 M.
493 377 570 437 Joh.
583 383 703 443 August
722 391 853 451 König,
866 394 919 454 auf
944 398 992 458 der
1016 403 1244 463 Reichsstraße,
1263 410 1287 470 im
1323 414 1431 474 Mieri=

439 421 512 481 schen
546 429 664 489 Hause.

336 463 404 523 Hr.
427 462 477 522 M.
489 471 630 531 Christian
659 477 805 537 Friedrich
829 484 1026 544 Wechsler,
1049 491 1106 551 auf
1123 495 1168 555 der
1197 503 1428 563 Petersstraße,

434 511 461 571 in
489 513 527 573 D.
556 517 638 577 Joh.
650 521 732 581 Val.
749 526 909 586 Schmidts
932 533 1047 593 Hause.

724 574 1039 634 Kirchenbediente.

334 597 405 657 Hr.
424 603 567 663 Christian
598 612 765 672 Günther,
778 618 873 678 Küster
898 622 1065 682 Emeritus,
1078 630 1101 690 im
1132 634 1419 694 Peters=Zwinger.

329 647 394 707 Hr.
406 648 487 708 Joh.
510 653 657 713 Christoph
691 661 816 721 Zeibig,
839 667 1014 727 Substitut.

362 703 413 763 5)
429 703 511 763 Bey
542 707 593 767 der
617 712 736 772 Kirche
759 713 818 773 des
841 718 968 778 Zucht=
984 722 1043 782 und
1073 733 1387 793 Waysenhauses.

779 766 975 826 Vorsteher.

336 793 399 853 Hr.
419 796 527 856 Caspar
547 803 694 863 Richter,
707 809 732 869 s.
745 814 1058 874 Raths=Collegium.

783 858 961 918 Prediger.

334 883 393 943 Hr.
407 885 453 945 M.
474 888 552 948 Joh.
573 896 705 956 Heinrich
732 902 910 962 Scherzer,
931 909 1010 969 neben
1037 911 1083 971 dem
1117 920 1354 980 Waysenhause.

714 950 1027 1010 Kirchenbediente.

338 974 397 1034 Hr.
416 976 483 1036 Joh.
501 980 595 1040 Sam.
613 989 723 1049 Kühn,
742 996 869 1056 Cantor,
879 999 895 1059 in
922 1001 964 1061 der
991 1006 1239 1066 Nicolasstraße,
1257 1013 1281 1073 in
1300 1016 1402 1076 Dam=

420 1023 519 1083 hahns
552 1031 673 1091 Hause.

372 1066 492 1126 George
513 1074 641 1134 Andreas
669 1085 816 1145 Wacker,
831 1094 1140 1154 Kirchen=Famulus,
1148 1103 1167 1163 in
1188 1105 1235 1165 dem
1263 1109 1403 1169 Waysen=

413 1114 530 1174 Hause.

364 1158 509 1218 Michael
530 1168 716 1228 Fugmann,
730 1177 896 1237 Thürmer,
911 1182 965 1242 eben
993 1187 1131 1247 daselbst.

364 1209 414 1269 6)
437 1214 510 1274 Bey
540 1217 591 1277 der
621 1220 694 1280 St.
717 1231 930 1291 Johannis=
946 1237 1004 1297 und
1034 1245 1357 1305 Hospital=Kirche

589 1269 646 1329 vor
672 1273 718 1333 dem
760 1281 978 1341 Grimmischen
1010 1289 1129 1349 Thore.

765 1325 960 1385 Vorsteher.

313 1346 379 1406 Hr.
393 1353 597 1413 Baumeister,
611 1363 703 1423 Ernst
724 1368 856 1428 Gottlieb
877 1374 1034 1434 Küstner,
1042 1381 1067 1441 s.
1081 1386 1399 1446 Raths=Collegium.

760 1417 937 1477 Prediger.

313 1441 373 1501 Hr.
382 1441 426 1501 M.
443 1448 579 1508 Christian
602 1455 693 1515 Sam.
701 1460 883 1520 Forbiger,
892 1464 913 1524 in
930 1466 974 1526 der
990 1473 1241 1533 Pfarrwohnung
1257 1484 1393 1544 daselbst.

683 1509 1005 1569 Kirchenbediente.

312 1530 376 1590 Hr.
390 1534 512 1594 Johann
539 1543 655 1603 George
675 1550 785 1610 Hille,
799 1557 968 1617 Organist,
981 1561 1000 1621 in
1033 1564 1078 1624 der
1098 1570 1344 1630 Nicolasstraße,
1358 1578 1376 1638 in

394 1576 436 1636 D.
454 1587 604 1647 Wagners
632 1594 749 1654 Hause.

309 1623 368 1683 Hr.
382 1624 462 1684 Joh.
483 1635 630 1695 Gottfried
657 1642 744 1702 Klein

792 1649 992 1709 Präcentor,
1007 1655 1055 1715 auf
1076 1657 1124 1717 der
1139 1663 1346 1723 Bettelgasse,
1361 1669 1380 1729 in

390 1672 513 1732 Nöstels
542 1682 658 1742 Hause.

299 1715 360 1775 Hr.
375 1718 519 1778 Gottfried
541 1727 679 1787 Heinze,
694 1734 810 1794 Küster,
832 1738 879 1798 auf
894 1741 934 1801 dem
970 1747 1177 1807 Grimmischen
1199 1759 1391 1819 Steinwege,

389 1763 411 1823 im
446 1772 680 1832 Waltherischen
709 1782 811 1842 Hause

325 1819 372 1879 7)
389 1821 468 1881 Bey
501 1825 547 1885 der
572 1831 899 1891 Lazareth=Kirche
924 1841 986 1901 vor
1019 1844 1074 1904 dem
1123 1850 1345 1910 Ranstädter

773 1881 891 1941 Thore.

730 1928 946 1988 Vorsteher.

289 1954 369 2014 Herr
386 1962 598 2022 Baumeister,
607 1973 777 2033 Hartmann
802 1980 964 2040 Winkler,
973 1986 1045 2046 siehe
1062 1991 1379 2051 Raths=Collogium.

1205 2041 1373 2101 Priester.
