1654 2339
347 111 396 171 90

743 123 1027 183 Buchhändler.

509 201 547 261 2)
579 206 664 266 Bey
688 208 743 268 der
775 213 914 273 Schule
938 217 969 277 zu
994 225 1071 285 St.
1096 229 1274 289 Thomas.

779 267 992 327 Vorsteher.

344 293 412 353 Hr.
427 296 550 356 Hofrath
578 299 633 359 und
661 306 854 366 Proconsul,
889 312 929 372 D.
951 315 1019 375 Carl
1041 319 1192 379 Friedrich
1220 325 1343 385 Trier,
1365 331 1433 391 siehe

439 346 755 406 Raths=Collegium.

822 403 953 463 Rector.

346 434 408 494 Hr.
427 435 516 495 Prof.
535 439 605 499 Joh.
625 444 740 504 August
759 448 919 508 Ernesti,
930 453 955 513 s.
974 453 1018 513 die
1037 457 1242 517 Professoren.

775 493 988 553 Conrector.

337 524 403 584 Hr.
417 523 463 583 M.
484 526 603 586 Johann
624 534 770 594 Friedrich

794 539 934 599 Fischer,
949 544 1001 604 auf
1016 544 1062 604 der
1076 551 1338 611 Thomasschule.

796 584 947 644 Cantor.

334 617 398 677 Hr.
412 616 535 676 Gottlob
556 621 698 681 Harrer,
719 628 770 688 auf
784 628 828 688 der
842 632 1096 692 Thomasschule.

800 674 963 734 Tertius.

335 705 391 765 Hr.
414 704 456 764 M.
471 708 607 768 Abraham
643 715 793 775 Kriegel,
815 718 835 778 in
858 719 901 779 der
916 725 1122 785 Burgstraste,
1130 733 1152 793 in
1174 735 1288 795 Radiks
1303 737 1424 797 Hause.

764 767 958 827 Quartus.

330 797 391 857 Hr.
401 797 453 857 M.
463 804 809 864 Gabr.Matthesius,
819 811 845 871 in
864 812 907 872 der
925 815 1067 875 Burgstr.
1077 819 1103 879 in
1121 825 1298 885 Glauchens
1317 830 1422 890 Haus.

655 851 881 911 Baccalaureus
911 858 1081 918 Funerum,

316 887 380 947 Hr.
394 887 439 947 M.
453 889 562 949 George
576 897 725 957 Jrmler,
739 899 757 959 im
784 905 1070 965 Schustergäsichen,
1083 913 1102 973 in
1122 917 1252 977 Dottens
1272 921 1388 981 Hause.

764 949 948 1009 Collegen.

320 977 381 1037 Hr.
394 978 479 1038 Joh.
492 982 633 1042 Friedrich
659 991 862 1051 Breunigk,
881 997 929 1057 auf
949 998 992 1058 dem
1029 1004 1343 1064 Pauliner-=Collegio,

319 1027 374 1087 Hr.
389 1029 465 1089 Joh.
473 1029 549 1089 Adam
585 1033 724 1093 Meyer,
739 1036 787 1096 auf
802 1038 843 1098 dem
878 1041 961 1101 neuen
983 1047 1151 1107 Kirchhofe,
1158 1052 1179 1112 in
1200 1056 1283 1116 Höcks
1298 1059 1402 1119 Haus.

705 1087 1023 1147 Schul=Medicus.

314 1113 375 1173 Hr.
387 1114 426 1174 1).
444 1117 500 1177 und
517 1119 607 1179 Prof.
619 1122 714 1182 Anton
737 1128 866 1188 Wilhelm
901 1134 1013 1194 Plaz,
1025 1137 1047 1197 s.
1070 1138 1114 1198 die
1126 1144 1334 1204 Professoren.

345 1153 432 1213 Ausser
455 1157 533 1217 diesen
556 1162 723 1222 öffentlichen
750 1168 863 1228 Schulen
895 1173 1004 1233 befinden
1040 1177 1079 1237 sich
1102 1180 1158 1240 auch
1181 1182 1202 1242 in
1229 1185 1277 1245 und
1300 1186 1339 1246 vor
1352 1188 1391 1248 der

304 1190 399 1250 Stadt
418 1192 477 1252 viele
491 1198 741 1258 Privat=Schulen,
751 1204 819 1264 allwo
838 1206 874 1266 die
893 1209 961 1269 zarte
975 1211 1079 1271 Jugend
1098 1218 1221 1278 beyderley
1240 1223 1399 1283 Geschlechts

300 1227 330 1287 im
369 1229 586 1289 Christenthume
612 1235 659 1295 und
689 1238 782 1298 andern
813 1243 932 1303 nöthigen
962 1249 1077 1309 Stücken
1112 1257 1286 1317 unterrichtet
1313 1260 1393 1320 wird.

305 1263 388 1323 Ueber
410 1265 472 1325 diese
490 1270 736 1330 Privat=Schulen
763 1278 842 1338 haben
874 1282 913 1342 die
936 1283 988 1343 vier
1010 1288 1138 1348 untersten
1170 1293 1266 1353 Herren
1288 1296 1394 1356 Geistli=

299 1299 356 1359 chen
378 1300 422 1360 des
444 1303 590 1363 Ministerii
608 1307 643 1367 die
666 1312 820 1372 Jnspection
847 1317 895 1377 und
914 1321 1077 1381 Visitation,
1095 1325 1147 1385 nach
1166 1327 1205 1387 den
1228 1331 1276 1391 vier
1290 1333 1391 1393 Stadt=

296 1335 424 1395 Vierteln
446 1341 638 1401 eingetheilet;
661 1346 707 1406 und
729 1349 784 1409 darf
802 1353 934 1413 Niemand
956 1355 1011 1415 eine
1025 1358 1102 1418 solche
1115 1364 1329 1424 Privar=Schule
1342 1369 1389 1429 an=

297 1373 402 1433 stellen,
416 1373 451 1433 als
473 1375 508 1435 bis
527 1377 553 1437 er
571 1380 614 1440 von
637 1383 711 1443 einem
743 1387 813 1447 jeden
840 1391 915 1451 dieser
937 1393 1030 1453 Herren
1053 1399 1229 1459 Jnspectoren
1252 1405 1286 1465 ein
1309 1407 1392 1467 Zeug=

296 1407 337 1467 niß
361 1409 440 1469 seiner
459 1414 677 1474 Geschicklichkeit
697 1420 738 1480 bey
752 1422 784 1482 E.
794 1424 831 1484 E.
845 1427 957 1487 Hochw.
971 1431 1059 1491 Rathe
1074 1438 1259 1498 vorgewiesen,
1274 1441 1320 1501 und
1339 1442 1366 1502 um

294 1448 528 1508 Vergünstigung,
543 1453 642 1513 Schule
667 1456 686 1516 zu
710 1459 819 1519 halten,
840 1465 972 1525 schriftlich
1002 1472 1178 1532 angehalten,
1193 1478 1250 1538 auch
1275 1479 1317 1539 die
1332 1481 1384 1541 Er=

294 1483 401 1543 laubniß
422 1487 475 1547 dazu
500 1490 607 1550 wirklich
627 1493 646 1553 in
672 1496 808 1556 Schriften
833 1501 950 1561 erhalten
975 1503 1034 1563 hat.

616 1574 766 1634 Sechste
789 1583 1100 1643 Abtheilung.

299 1667 429 1727 Von
497 1676 589 1736 der
630 1679 894 1739 sämmtl.
922 1689 1370 1749 Bürgerschaft.

702 1746 736 1806 I.
757 1750 950 1810 Abschnitt.

401 1817 496 1877 Von
546 1827 1242 1887 Handlungs=Verwandten.

336 1884 374 1944 I.
405 1888 495 1948 Von
527 1896 871 1956 Buchhändlern,
895 1902 1000 1962 nebst
1024 1908 1123 1968 ihren
1162 1914 1298 1974 Läden.

277 1941 334 2001 Hr.
352 1940 477 2000 Arkstee
494 1943 553 2003 und
579 1949 737 2009 Merkus,
755 1954 805 2014 auf
832 1956 873 2016 der
899 1961 1125 2021 Petersstraße,
1143 1967 1167 2027 im
1201 1970 1360 2030 Hohman=

359 1989 471 2049 nischen
501 1991 606 2051 Hause
